@misc{wiki:bigo,
author  = "{Wikimedia Commons User:Cmglee}",
title   = "Grafické porovnání různých tříd složitosti s ohledem na změnu velikosti vstupních dat.",
year    = "2007",
url     = "https://commons.wikimedia.org/wiki/File:Comparison_computational_complexity.svg",
note    = "File: Comparison computational complexity.svg \(|online|\), 2013 [cit. 10.5.2023] Dostupné z \url{https://en.wikipedia.org}",
},

@misc{wiki:cards,
author = "{Wikimedia Commons User:Dcoetzee, User:WDGraham}",
title= "Stabilita řadícího algoritmu na příkladu hracích karet",
year = "2013",
url = "https://en.wikipedia.org/wiki/File:Sorting_stability_playing_cards.svg",
note = "File: Sorting stability playing cards.svg \(|online|\), 2013 [cit. 10.5.2023], Dostupné z \url{https://en.wikipedia.org}"
}